<record><leader>00000cas a2200000 a 4500</leader><controlfield tag="001">29848534</controlfield><controlfield tag="007">hd afb---baca</controlfield><controlfield tag="007">hd bfb---baaa</controlfield><controlfield tag="008">940220d19452000miuwn nea     0   c0ukroc</controlfield><datafield ind1=" " ind2=" " tag="010"><subfield code="a">sn 94048400 </subfield></datafield><datafield ind1=" " ind2=" " tag="040"><subfield code="a">UIU</subfield><subfield code="b">eng</subfield><subfield code="c">UIU</subfield><subfield code="d">DLC</subfield><subfield code="d">OCLCQ</subfield><subfield code="d">DLC</subfield><subfield code="d">OCLCQ</subfield><subfield code="d">OCLCF</subfield><subfield code="d">DLC</subfield></datafield><datafield ind1=" " ind2=" " tag="022"><subfield code="a">0889-5082</subfield><subfield code="l">0889-5082</subfield></datafield><datafield ind1=" " ind2=" " tag="042"><subfield code="a">pcc</subfield></datafield><datafield ind1=" " ind2=" " tag="043"><subfield code="a">e-gw---</subfield></datafield><datafield ind1="0" ind2="0" tag="050"><subfield code="a">Newspaper</subfield></datafield><datafield ind1="0" ind2=" " tag="092"><subfield code="a">057.9</subfield><subfield code="b">UKVIS</subfield><subfield code="2">20</subfield></datafield><datafield ind1="0" ind2=" " tag="130"><subfield code="a">Ukrai&#776;nsk&#769;i visti (Neu-Ulm, Germany)</subfield></datafield><datafield ind1="1" ind2="0" tag="245"><subfield code="a">Ukrai&#776;nsk&#769;i visti</subfield><subfield code="h">[microform] =</subfield><subfield code="b">Ukrainian news.</subfield></datafield><datafield ind1="3" ind2="1" tag="246"><subfield code="a">Ukrainian news</subfield></datafield><datafield ind1="1" ind2="3" tag="246"><subfield code="a">Ukrainski Wisti</subfield></datafield><datafield ind1=" " ind2=" " tag="260"><subfield code="a">Neu-Ulm [Germany] :</subfield><subfield code="b">Ukrai&#776;nsk&#769;i Visti,</subfield><subfield code="c">1945-</subfield></datafield><datafield ind1=" " ind2=" " tag="300"><subfield code="a">v.</subfield></datafield><datafield ind1=" " ind2=" " tag="310"><subfield code="a">Weekly,</subfield><subfield code="b">&lt;1971&gt;-</subfield></datafield><datafield ind1=" " ind2=" " tag="321"><subfield code="a">Frequency varies,</subfield><subfield code="b">Nov. 19, 1945-&lt;July 13, 1950&gt;</subfield></datafield><datafield ind1="0" ind2=" " tag="362"><subfield code="a">Rik 1, ch. 1 (19 lyst., 1945)-</subfield></datafield><datafield ind1="1" ind2=" " tag="362"><subfield code="a">Ceased with May 30, 2000.</subfield></datafield><datafield ind1=" " ind2=" " tag="500"><subfield code="a">"Ukrainian weekly newspaper established in Neu-Ulm (W. Germany)--in 1945. Transferred to Detroit, MI (USA) in August 1978."</subfield></datafield><datafield ind1=" " ind2=" " tag="500"><subfield code="a">Separately numbered supplements with special titles accompany various issues.</subfield></datafield><datafield ind1=" " ind2=" " tag="515"><subfield code="a">September 20, 1978 issue misidentified as August 20, 1978.</subfield></datafield><datafield ind1=" " ind2=" " tag="546"><subfield code="a">In Ukrainian.</subfield></datafield><datafield ind1=" " ind2=" " tag="588"><subfield code="a">Description based on: Rik 1, chyslo 1 (19 lystopada, 1945).</subfield></datafield><datafield ind1=" " ind2=" " tag="533"><subfield code="a">Microfilm.</subfield><subfield code="b">Washington, D.C. :</subfield><subfield code="c">Library of Congress, Photoduplication Service.</subfield><subfield code="e">microfilm reels ; 35 mm.</subfield></datafield><datafield ind1=" " ind2="0" tag="650"><subfield code="a">Ukrainians</subfield><subfield code="z">United States</subfield><subfield code="v">Newspapers.</subfield></datafield><datafield ind1=" " ind2="0" tag="650"><subfield code="a">Ukrainian Americans</subfield><subfield code="v">Newspapers.</subfield></datafield><datafield ind1=" " ind2="7" tag="650"><subfield code="a">Ukrainian Americans.</subfield><subfield code="2">fast</subfield><subfield code="0">(OCoLC)fst01160424</subfield></datafield><datafield ind1=" " ind2="7" tag="650"><subfield code="a">Ukrainians.</subfield><subfield code="2">fast</subfield><subfield code="0">(OCoLC)fst01160566</subfield></datafield><datafield ind1=" " ind2="7" tag="651"><subfield code="a">United States.</subfield><subfield code="2">fast</subfield><subfield code="0">(OCoLC)fst01204155</subfield></datafield><datafield ind1=" " ind2="7" tag="655"><subfield code="a">Newspapers.</subfield><subfield code="2">fast</subfield><subfield code="0">(OCoLC)fst01423814</subfield></datafield><datafield ind1=" " ind2=" " tag="752"><subfield code="a">United States</subfield><subfield code="b">Michigan</subfield><subfield code="c">Wayne</subfield><subfield code="d">Detroit.</subfield></datafield><datafield ind1=" " ind2=" " tag="752"><subfield code="a">Germany</subfield><subfield code="d">Neu-Ulm.</subfield></datafield><datafield ind1="1" ind2=" " tag="029"><subfield code="a">AU@</subfield><subfield code="b">000025848821</subfield></datafield></record>